


@misc{dac_sdc_2021,
% author = {},
title = {DAC SDC 2021},
howpublished = "[Dostęp online - 12.08.2021]", 
url = "https://dac-sdc-2021.groups.et.byu.net/doku.php",
note = "https://dac-sdc-2021.groups.et.byu.net/doku.php"
}

@misc{avnet_ultra96,
% author = {},
title = {Ultra96-V2},
howpublished = "[Dostęp online - 12.08.2021]", 
url = "https://www.avnet.com/wps/portal/us/products/new-product-introductions/npi/aes-ultra96-v2/",
note = "https://www.avnet.com/wps/portal/us/products/new-product-introductions/npi/aes-ultra96-v2/"
}

@misc{pynq,
% author = {},
title = {Pynq},
howpublished = "[Dostęp online - 12.08.2021]", 
% url = "http://www.pynq.io/",
note = "http://www.pynq.io/"
}

@techreport{zynq_product_guide,
author        = "Xilinx",
title         = "Zynq UltraScale+ MPSoC Product tables and product selection guide",
institution   = "Xilinx",
number        = "TR-576",
year          = "[Dostęp online - 12.08.2021]",
url           = "https://www.xilinx.com/support/documentation/selection-guides/zynq-ultrascale-plus-product-selection-guide.pdf",
note           = "https://www.xilinx.com/support/documentation/selection-guides/zynq-ultrascale-plus-product-selection-guide.pdf"
}

@misc{ultra_net,
title = {Ultra\_net},
howpublished = "[Dostęp online - 12.08.2021]", 
url = "https://github.com/heheda365/ultra_net",
note = "https://github.com/heheda365/ultra_net"
}

@Article{yolov2,
author={Redmon, J. and Farhadi, A.},
booktitle={2017 IEEE Conference on Computer Vision and Pattern Recognition (CVPR)}, 
title={YOLO9000: Better, Faster, Stronger}, 
year={2017},
pages={6517-6525}
}

@Article{yolov3,
author = {Redmon, J. and Farhadi, A.},
title     = {YOLOv3: An Incremental Improvement},
journal   = {CoRR},
volume    = {abs/1804.02767},
year      = {2018},
url       = {http://arxiv.org/abs/1804.02767},
}

@Article{skynet,
author = {Zhang, X. and Lu, H. and Hao, C. and Li, J. and Cheng, B. and Li, Y. and Rupnow, K. and Xiong, J. and Huang, T. and Shi, H. and Hwu, W. and Chen, D.},
title     = {SkyNet: a Hardware-Efficient Method for Object Detection and Tracking on Embedded Systems},
journal   = {CoRR},
volume    = {abs/1909.09709},
year      = {2019},
url       = {http://arxiv.org/abs/1909.09709},
}

@Article{bidet,
author={Wang, Z. and Wu, Z. and Lu, J. and Zhou, J.},
% booktitle={2020 IEEE/CVF Conference on Computer Vision and Pattern Recognition (CVPR)}
jurnal = {IEEEXplore},
title={BiDet: An Efficient Binarized Object Detector},
year={2020},
pages={2046-2055}
}

@InProceedings{xnor_net,
author="Rastegari, M. and Ordonez, V. and Redmon, J. and Farhadi, A.",
editor="Leibe, B. and Matas, J. and Sebe, N. and Welling, M.",
title="XNOR-Net: ImageNet Classification Using Binary Convolutional Neural Networks",
booktitle="Computer Vision -- ECCV 2016",
year="2016",
publisher="Springer International Publishing"

% journal   = {CoRR},
% volume    = {abs/1603.05279},
% year      = {2016},
% url       = {http://arxiv.org/abs/1603.05279}
}

@Article{xnor_net++,
author = {Bulat, A. and Tzimiropoulos, G.},
title = {XNOR-Net++: Improved Binary Neural Networks},
year = {2019}
}

@misc{pytorch,
title = {PyTorch},
howpublished = "[Dostęp online - 13.08.2021]", 
url = "https://pytorch.org/",
note = "https://pytorch.org/"
}

@misc{brevitas,
title = {Brevitas},
howpublished = "[Dostęp online - 13.08.2021]", 
url = "https://github.com/Xilinx/brevitas",
note = "https://github.com/Xilinx/brevitas"
}

@misc{finn,
title = {FINN},
howpublished = "[Dostęp online - 13.08.2021]", 
url = "https://xilinx.github.io/finn/",
note = "https://xilinx.github.io/finn/"
}

@misc{qkeras,
title = {QKeras},
howpublished = "[Dostęp online - 13.08.2021]", 
url = "https://github.com/google/qkeras",
note = "https://github.com/google/qkeras"
}

@misc{tf,
title = {TensorFlow},
howpublished = "[Dostęp online - 13.08.2021]", 
url = "https://www.tensorflow.org/",
note = "https://www.tensorflow.org/"
}

@misc{hls4ml,
title = {hls4ml},
howpublished = "[Dostęp online - 13.08.2021]", 
url = "https://fastmachinelearning.org/hls4ml/",
note = "https://fastmachinelearning.org/hls4ml/"
}

@misc{vitis_ai,
title = {Vitis AI},
howpublished = "[Dostęp online - 13.08.2021]", 
url = "https://www.xilinx.com/products/design-tools/vitis/vitis-ai.html",
note = "https://www.xilinx.com/products/design-tools/vitis/vitis-ai.html"
}



